% This file was created with JabRef 2.10.
% Encoding: UTF8


@Electronic{Canonical2011,
  Title                    = {About {Ubuntu}},
  Author                   = {{Canonical}},
  Organization             = {{Canonical}},
  Url                      = {http://www.ubuntu.com/project/about-ubuntu},
  Year                     = {2011},
}

@Article{Cossu2016,
  Title                    = {A review of features for the discrimination of {Twitter} users: application to the prediction of offline influence},
  Author                   = {Cossu, J.-V. and Labatut, V. and Dugué, N.},
  Journal                  = {Social Network Analysis and Mining},
  Year                     = {2016},
  Pages                    = {1-23},
  Volume                   = {6},
  Doi                      = {10.1007/s13278-016-0329-x}
}

@Article{Fortunato2010,
  Title                    = {Community detection in graphs},
  Author                   = {Fortunato, S.},
  Journal                  = {Physics Reports},
  Year                     = {2010},
  Number                   = {3-5},
  Pages                    = {75-174},
  Volume                   = {486},
  Doi                      = {10.1016/j.physrep.2009.11.002}
}

@PhdThesis{Gerbaud2010,
  Title                    = {Modélisation de réseaux d'interaction par des graphes aléatoires},
  Author                   = {Gerbaud, A.},
  School                   = {Université de Grenoble},
  Year                     = {2010},
  Address                  = {Grenoble, FR},
  Type                     = {PhD Thesis},
  Url                      = {http://www.theses.fr/s123781}
}

@Electronic{JabRef2008,
  Title                    = {{JabRef} Documentation},
  Author                   = {JabRef},
  Organization             = {JabRef},
  Url                      = {http://jabref.sourceforge.net/documentation.php},
  Year                     = {2008},
}

@InProceedings{Mauttone2008,
  Title                    = {A Tabu Search approach to solve a network design problem with user-optimal flows},
  Author                   = {Mauttone, A. and Labbé, M. and Figueiredo, R.},
  Booktitle                = {VALIO/EURO Conference on Combinatorial Optimization},
  Year                     = {2008},
  Address                  = {Buenos Aires, AR},
  Pages                    = {1-6}
}

@Electronic{MiKTeX2015,
  Title                    = {{MiKTeX}…typesetting beautiful documents…},
  Author                   = {{MiKTeX}},
  Organization             = {{MiKTeX}},
  Url                      = {http://miktex.org/},
  Year                     = {2015},
}

@Electronic{Oracle2011,
  Title                    = {{VirtualBox} Documentation},
  Author                   = {Oracle},
  Organization             = {Oracle},
  Url                      = {http://www.virtualbox.org/wiki/Documentation},
  Year                     = {2011},
}

@TechReport{Paraskevopoulos2013,
  Title                    = {A Cycle-Based Evolutionary Algorithm for the Fixed-Charge Capacitated Multi-Commodity Network Design Problem},
  Author                   = {Paraskevopoulos, D. C. and Bektas, T. and Crainic, T. Gabriel and Potts, C. N.},
  Institution              = {Centre interuniversitaire de recherche sur les réseaux d'entreprise, la logistique et le transport},
  Year                     = {2013},
  Address                  = {Montréal},
  Pages                    = {1-31}
}

@Electronic{LaTeXProject2010,
  Title                    = {{LaTeX} – A document preparation system},
  Author                   = {{LaTeX Project}},
  Organization             = {{LaTeX Project}},
  Url                      = {http://www.latex-project.org/},
  Year                     = {2010},
}

@TechReport{Rosvall2009a,
  Title                    = {Fast stochastic and recursive search algorithm},
  Author                   = {Rosvall, M. and Bergstrom, C. T.},
  Institution              = {Department of Physics, Umeå University},
  Year                     = {2009},
  Address                  = {Umeå, SE},
}

@Electronic{Texmaker2011,
  Title                    = {Manuel de l'utilisateur},
  Author                   = {Texmaker},
  Organization             = {Texmaker},
  Url                      = {http://www.xm1math.net/texmaker/doc_fr.html},
  Year                     = {2011},
}

@InProceedings{Wei1989,
  Title                    = {Towards efficient hierarchical designs by ratio cut partitioning},
  Author                   = {Wei, Y.-C. and Cheng, C.-K.},
  Booktitle                = {IEEE International Conference on Computer Aided Design},
  Year                     = {1989},
  Pages                    = {298-301},
  Doi                      = {10.1109/ICCAD.1989.76957}
}

@Electronic{Wikibooks2011,
  Title                    = {Guide to the {LaTeX} markup language},
  Author                   = {Wikibooks},
  Organization             = {Wikibooks},
  Url                      = {http://en.wikibooks.org/wiki/LaTeX},
  Year                     = {2011},
}

@Electronic{Wikibooks2010,
  Title                    = {Guide pour la programmation en {LaTeX}},
  Author                   = {Wikibooks},
  Organization             = {Wikibooks},
  Url                      = {http://fr.wikibooks.org/wiki/LaTeX},
  Year                     = {2010},
}

@Electronic{Wikipedia2011,
  Title                    = {Flowchart},
  Author                   = {Wikipedia},
  Organization             = {Wikipedia},
  Url                      = {http://en.wikipedia.org/wiki/Flowchart},
  Year                     = {2011},
}

@Electronic{Wikipedia2011a,
  Title                    = {{LaTeX}},
  Author                   = {Wikipedia},
  Organization             = {Wikipedia},
  Url                      = {http://fr.wikipedia.org/wiki/LaTeX},
  Year                     = {2011},
}

@Electronic{Wikipedia2018,
  Title                    = {Courier (typeface)},
  Author                   = {Wikipedia},
  Organization             = {Wikipedia},
  Url                      = {https://en.wikipedia.org/wiki/Courier_(typeface)},
  Year                     = {2018},
}

@Electronic{Wikipedia2018a,
  Title                    = {Digital Object Identifier},
  Author                   = {Wikipedia},
  Organization             = {Wikipedia},
  Url                      = {https://fr.wikipedia.org/wiki/Digital_Object_Identifier},
  Year                     = {2018},
}

@Electronic{Wikipedia2018b,
  Title                    = {Image matricielle},
  Author                   = {Wikipedia},
  Organization             = {Wikipedia},
  Url                      = {https://fr.wikipedia.org/wiki/Image_matricielle},
  Year                     = {2018},
}

@Electronic{Wikipedia2018c,
  Title                    = {Image vectorielle},
  Author                   = {Wikipedia},
  Organization             = {Wikipedia},
  Url                      = {https://fr.wikipedia.org/wiki/Image_vectorielle},
  Year                     = {2018},
}

@Book{Wolsey1998,
  Title                    = {Integer programming},
  Author                   = {Wolsey, L. A.},
  Publisher                = {Wiley-Interscience},
  Year                     = {1998},
  Address                  = {New York, USA},
}

@Article{Wong1980,
  Title                    = {Worst-Case Analysis of Network Design Problem Heuristics},
  Author                   = {Wong, R. T.},
  Journal                  = {SIAM Journal on Algebraic Discrete Methods},
  Year                     = {1980},
  Number                   = {1},
  Pages                    = {51-63},
  Volume                   = {1},
  Doi                      = {10.1137/0601008},
}

@PhdThesis{Wong1978,
  Title                    = {Accelerating Benders decomposition for network design},
  Author                   = {Wong, R. T.},
  School                   = {Massachusetts Institute of Technology},
  Year                     = {1978},
  Type                     = {PhD Thesis}
}

@Book{Masuda2016,
  author    = {Masuda, N. and Lambiotte, R.},
  title     = {A Guide to Temporal Networks},
  year      = {2016},
  publisher = {World Scientific},
  doi       = {10.1142/9781786341150},
}

@InCollection{Labatut2012a,
  author        = {Labatut, V. and Balasque, J.-M.},
  title         = {Detection and Interpretation of Communities in Complex Networks: Methods and Practical Application},
  booktitle     = {Computational Social Networks: Tools, Perspectives and Applications},
  publisher     = {Springer},
  year          = {2012},
  editor        = {Abraham, A. and Hassanien, A.-E.},
  chapter       = {4},
  pages         = {81-113},
  doi           = {10.1007/978-1-4471-4048-1_4},
}

@Collection{Pastor-Satorras2003a,
  editor    = {Pastor-Satorras, R. and Rubi, M. and Diaz-Guilera, A.},
  title     = {Statistical Mechanics of Complex Networks},
  year      = {2003},
  volume    = {625},
  series    = {Lecture Notes in Physics},
  publisher = {Springer},
  doi       = {10.1007/b12331},
}

@Collection{Brandes2005,
  editor    = {Brandes, U. and Erlebach, T.},
  title     = {Network Analysis: Methodological Foundations},
  year      = {2005},
  volume    = {3418},
  series    = {Lecture Notes in Computer Science},
  publisher = {Springer},
  doi       = {10.1007/b106453},
}

@InBook{Mainzer2007a,
  author    = {Mainzer, K.},
  title     = {Complex Systems and the Evolution of Computability},
  booktitle = {Thinking in Complexity: The Computional Dynamics of Matter, Mind and Mankind},
  chapter   = {5},
  year      = {2007},
  pages     = {179-226},
  doi       = {10.1007/978-3-540-72228-1_5},
}

@InBook{Reichardt2009a,
  author    = {Reichardt, J.},
  title     = {Modularity of Dense Random Graphs},
  booktitle = {Structure in Complex Networks},
  year      = {2009},
  volume    = {766},
  series    = {Lecture Notes in Physics},
  chapter   = {5},
  pages     = {69-86},
  doi       = {10.1007/978-3-540-87833-9_5},
  owner     = {Vincent},
  timestamp = {2018.12.21},
}

@InCollection{Danon2007,
  author    = {Danon, L. and Duch, J. and Arenas, A. and Díaz-Guilera, A.},
  title     = {Community structure identification},
  booktitle = {Large Scale Structure and Dynamics of Complex Networks: From Information Technology to Finance and Natural Science},
  chapter   = {5},
  year      = {2007},
  publisher = {World Scientific},
  pages     = {93-113},
  doi       = {10.1142/9789812771681_0006},
}
